@article{raschka2014naive,
  title={Naive Bayes and Text Classification},
  author={Raschka, Sebastian},
  journal={arXiv preprint arXiv:1410.5329},
  year={2014},
  url={https://arxiv.org/pdf/1410.5329}
}

@online{learndatasci_tfidf,
  author       = {Fatih Karabiber},
  title        = {TF-IDF: Term Frequencyâ€“Inverse Document Frequency},
  year         = {n.d.},
  url          = {https://www.learndatasci.com/glossary/tf-idf-term-frequency-inverse-document-frequency/},
  note         = {Accessed: 2025-04-16}
}

@online{google_accuracy,
  author       = {{Google Developers}},
  title        = {Accuracy, Precision, and Recall},
  year         = {n.d.},
  url          = {https://developers.google.com/machine-learning/crash-course/classification/accuracy-precision-recall},
  note         = {Accessed: 2025-04-16}
}
