@misc{web:chi_sq_test,
    author = {Patwariraghottam},
    title = {Mastering Chi-Square Goodness of Fit Tests with Python: Implementation and Visualization},
    year = {2024},
    note = {Last accessed 27 March 2025},
    url = {https://medium.com/@patwariraghottam/mastering-chi-square-goodness-of-fit-tests-with-python-implementation-and-visualization-58d619b5e02c}
}

@misc{web:pmi,
    author = {Goldwater, Sharon},
    title = {Lab 4: Solutions -- Pointwise mutual information},
    year = {2015},
    note = {Last accessed 27 March 2025},
    url = {http://w3techs.com/technologies/overview/content_language/all}
}

@inbook{n-gram:ch3,
  title={Speech and Language Processing},
  author={Jurafsky, Daniel and Martin, James H.},
  year={2024},
  address={Stanford, California, USA},
  chapter={3}
}

@misc{web:pre-processing,
    author = {Nithyashree V},
    title = {What Are N-Grams and How to Implement Them in Python?},
    year = {2024},
    note = {Last accessed 27 March 2025},
    url = {https://www.analyticsvidhya.com/blog/2021/09/what-are-n-grams-and-how-to-implement-them-in-python/}
}
